<?xml version="1.0" encoding="UTF-8"?><collection xmlns="http://www.loc.gov/MARC21/slim"><record><leader>00651nam--2200205-u-4500</leader><controlfield tag="001">000054194</controlfield><controlfield tag="002">20161230</controlfield><controlfield tag="005">20161230201051</controlfield><controlfield tag="008">110915s1000------------r-----000-0-eng-d</controlfield><datafield ind1=" " ind2=" " tag="020"><subfield code="a">0198564201</subfield></datafield><datafield ind1=" " ind2=" " tag="040"><subfield code="a">IFIN-HH</subfield></datafield><datafield ind1=" " ind2=" " tag="080"><subfield code="a">537.533.35:53.084.8(06)</subfield></datafield><datafield ind1="1" ind2=" " tag="100"><subfield code="a">Chescoe, Dawn</subfield></datafield><datafield ind1="1" ind2="0" tag="245"><subfield code="a">The operation of transmission and scanning electron microscopes</subfield><subfield code="b">Microscopy handbooks 20</subfield><subfield code="c">Dawn chescoe, peter j. goodhew</subfield></datafield><datafield ind1=" " ind2=" " tag="260"><subfield code="a">Oxford</subfield><subfield code="b">Oxford University Press</subfield><subfield code="c">1990</subfield></datafield><datafield ind1=" " ind2=" " tag="300"><subfield code="a">86P</subfield></datafield><datafield ind1=" " ind2=" " tag="490"><subfield code="a">Royal Microscopy Society Microscopy Handbooks 20</subfield></datafield><datafield ind1="1" ind2=" " tag="700"><subfield code="a">Goodhew, Peter J</subfield></datafield><datafield ind1=" " ind2=" " tag="852"><subfield code="a">81205</subfield><subfield code="c">537.533.35</subfield></datafield><datafield ind1=" " ind2=" " tag="CAT"><subfield code="a">Sys</subfield><subfield code="c">20110915</subfield><subfield code="h">155359</subfield></datafield></record></collection>